@Article{HeiZ21,
  author   = {Heiland, J. and Zuazua, E.},
  journal  = {SIAM J. Control Optim.},
  title    = {Classical System Theory Revisited for Turnpike in Standard State Space Systems and Impulse Controllable Descriptor Systems},
  year     = {2021},
  number   = {5},
  pages    = {3600--3624},
  volume   = {59},
  doi      = {10.1137/20M1356105},
  eprint   = {2007.13621},
}

@Article{BehBH19,
  author  = {Behr, M. and Benner, P. and Heiland, J.},
  journal = {Calcolo},
  title   = {Solution Formulas for Differential {S}ylvester and {L}yapunov Equations},
  year    = {2019},
  number  = {4},
  pages   = {1--51},
  volume  = {56},
  doi     = {10.1007/s10092-019-0348-x},
}

@article{CalWW94,
author = {F. M. Callier, J. Winkin and J. L. Willems},
title = {Convergence of the time-invariant Riccati differential equation and
         {LQ}-problem: mechanisms of attraction},
journal = {International Journal of Control},
volume = {59},
number = {4},
pages = {983-1000},
year = {1994},
doi = {10.1080/00207179408923113},
}
