@Article{BehBH19a,
  author        = {{Behr}, Maximilian and {Benner}, Peter and {Heiland}, Jan},
  journal       = {arXiv e-prints},
  title         = {Invariant {G}alerkin Ansatz Spaces and {D}avison-{M}aki Methods for the Numerical Solution of differential {R}iccati Equations},
  year          = {2019},
  month         = {Oct},
  pages         = {arXiv:1910.13362},
  adsnote       = {Provided by the SAO/NASA Astrophysics Data System},
  adsurl        = {https://ui.adsabs.harvard.edu/abs/2019arXiv191013362B},
  archiveprefix = {arXiv},
  eid           = {arXiv:1910.13362},
  eprint        = {1910.13362},
  file          = {:/home/heiland/work/papers/behbh19_paper_differential_riccati_galerkin_approach/publication-docs/1910.13362.pdf:PDF},
  keywords      = {Mathematics - Numerical Analysis, 15A24, 65F60, 65L05},
  primaryclass  = {math.NA},
}

@Article{CalWW94,
  author    = {Frank M. Callier and Joseph Winkin and Jacques L. Willems},
  journal   = {International Journal of Control},
  title     = {Convergence of the time-invariant {R}iccati differential equation and {LQ}-problem: mechanisms of attraction},
  year      = {1994},
  number    = {4},
  pages     = {983-1000},
  volume    = {59},
  doi       = {10.1080/00207179408923113},
  eprint    = {https://doi.org/10.1080/00207179408923113},
  file      = {:CalWW94-conv-time-inv-Ric.pdf:PDF},
  publisher = {Taylor \& Francis},
  url       = {https://doi.org/10.1080/00207179408923113},
}

@Article{PorZ13,
  author    = {Alessio Porretta and Enrique Zuazua},
  journal   = {{SIAM} J. Control and Optimization},
  title     = {Long Time versus Steady State Optimal Control},
  year      = {2013},
  number    = {6},
  pages     = {4242--4273},
  volume    = {51},
  bibsource = {dblp computer science bibliography, https://dblp.org},
  biburl    = {https://dblp.org/rec/journals/siamco/PorrettaZ13.bib},
  doi       = {10.1137/130907239},
  file      = {:PorZ13-long-time-vs-steady-state.pdf:PDF},
  timestamp = {Sat, 20 May 2017 00:23:11 +0200},
  url       = {https://doi.org/10.1137/130907239},
}

